@article{rubinstein2012analysis,
	title={Analysis K-SVD: A dictionary-learning algorithm for the analysis sparse model},
	author={Rubinstein, Ron and Peleg, Tomer and Elad, Michael},
	journal={IEEE Transactions on Signal Processing},
	volume={61},
	number={3},
	pages={661--677},
	year={2012},
	publisher={IEEE}
}
@article{sulam2018multilayer,
	title={Multilayer convolutional sparse modeling: Pursuit and dictionary learning},
	author={Sulam, Jeremias and Papyan, Vardan and Romano, Yaniv and Elad, Michael},
	journal={IEEE Transactions on Signal Processing},
	volume={66},
	number={15},
	pages={4090--4104},
	year={2018},
	publisher={IEEE}
}
@inproceedings{thielemann2004optimally,
	title={Optimally matched wavelets},
	author={Thielemann, Henning},
	booktitle={PAMM: Proceedings in Applied Mathematics and Mechanics},
	volume={4},
	number={1},
	pages={586--587},
	year={2004},
	organization={Wiley Online Library}
}
@techreport{chapa1995matched,
	title={Matched Wavelet Construction and Its Application to Target Detection.},
	author={Chapa, Joseph O},
	year={1995},
	institution={AIR FORCE INST OF TECH WRIGHT-PATTERSON AFB OH}
}
@article{christensen2017open,
	title={An open problem concerning operator representations of frames},
	author={Christensen, Ole and Hasannasab, Marzieh},
	journal={arXiv preprint arXiv:1705.00480},
	year={2017}
}
@incollection{morgenshtern2011short,
	title={A short course on frame theory},
	author={Morgenshtern, Veniamin I and B{\"o}lcskei, Helmut},
	booktitle={Mathematical foundations for signal processing, communications, and networking},
	pages={737--789},
	year={2017},
	publisher={CRC Press}
}
@inproceedings{bajwa2007toeplitz,
	title={Toeplitz-structured compressed sensing matrices},
	author={Bajwa, Waheed U and Haupt, Jarvis D and Raz, Gil M and Wright, Stephen J and Nowak, Robert D},
	booktitle={2007 IEEE/SP 14th Workshop on Statistical Signal Processing},
	pages={294--298},
	year={2007},
	organization={IEEE}
}
@article{mallat1993matching,
	title={Matching pursuits with time-frequency dictionaries},
	author={Mallat, St{\'e}phane G and Zhang, Zhifeng},
	journal={IEEE Transactions on signal processing},
	volume={41},
	number={12},
	pages={3397--3415},
	year={1993}
}
@article{elad2012sparse,
	title={Sparse and redundant representation modelingâ€”What next?},
	author={Elad, Michael},
	journal={IEEE Signal Processing Letters},
	volume={19},
	number={12},
	pages={922--928},
	year={2012},
	publisher={IEEE}
}
@inproceedings{rubinstein2012k,
	title={K-SVD dictionary-learning for the analysis sparse model},
	author={Rubinstein, Ron and Faktor, Tomer and Elad, Michael},
	booktitle={2012 IEEE International Conference on Acoustics, Speech and Signal Processing (ICASSP)},
	pages={5405--5408},
	year={2012},
	organization={IEEE}
}
@article{nam2011cosparse,
	title={The cosparse analysis model and algorithms},
	author={Nam, Sangnam and Davies, Mike E and Elad, Michael and Gribonval, R{\'e}mi},
	journal={arXiv preprint arXiv:1106.4987},
	year={2011}
}
@inproceedings{engan1999method,
	title={Method of optimal directions for frame design},
	author={Engan, Kjersti and Aase, Sven Ole and Husoy, J Hakon},
	booktitle={1999 IEEE International Conference on Acoustics, Speech, and Signal Processing. Proceedings. ICASSP99 (Cat. No. 99CH36258)},
	volume={5},
	pages={2443--2446},
	year={1999},
	organization={IEEE}
}
@inproceedings{mairal2009online,
	title={Online dictionary learning for sparse coding},
	author={Mairal, Julien and Bach, Francis and Ponce, Jean and Sapiro, Guillermo},
	booktitle={Proceedings of the 26th annual international conference on machine learning},
	pages={689--696},
	year={2009},
	organization={ACM}
}
@article{aharon2006k,
	title={K-SVD: An algorithm for designing overcomplete dictionaries for sparse representation},
	author={Aharon, Michal and Elad, Michael and Bruckstein, Alfred},
	journal={IEEE Transactions on signal processing},
	volume={54},
	number={11},
	pages={4311--4322},
	year={2006},
	publisher={IEEE}
}
@inproceedings{gharavi1998fast,
	title={A fast orthogonal matching pursuit algorithm},
	author={Gharavi-Alkhansari, Mohammad and Huang, Thomas S},
	booktitle={Proceedings of the 1998 IEEE International Conference on Acoustics, Speech and Signal Processing, ICASSP'98 (Cat. No. 98CH36181)},
	volume={3},
	pages={1389--1392},
	year={1998},
	organization={IEEE}
}
@book{blatter2013wavelets,
	title={Wavelets: Eine Einf{\"u}hrung},
	author={Blatter, Christian},
	year={2013},
	publisher={Springer-Verlag}
}
@article{gilbert1996wavelets,
	title={Wavelets and filter banks},
	author={Gilbert Strang and Truong Nguyen},
	journal={Wesley-Cambridge Press},
	volume={24},
	pages={27},
	year={1996}
}
@book{feichtinger2012gabor,
	title={Gabor analysis and algorithms: Theory and applications},
	author={Feichtinger, Hans G and Strohmer, Thomas},
	year={2012},
	publisher={Springer Science \& Business Media}
}
@book{christensen2016introduction,
	title={An introduction to frames and Riesz bases},
	author={Christensen, Ole and others},
	year={2016},
	publisher={Springer}
}
@book{serpedin2011mathematical,
	title={Mathematical foundations for signal processing, communications, and networking},
	author={Serpedin, Erchin and Chen, Thomas and Rajan, Dinesh},
	year={2011},
	publisher={CRC Press}
}
@article{candes2008introduction,
	title={An introduction to compressive sampling [a sensing/sampling paradigm that goes against the common knowledge in data acquisition]},
	author={Cand{\`e}s, Emmanuel J and Wakin, Michael B},
	journal={IEEE signal processing magazine},
	volume={25},
	number={2},
	pages={21--30},
	year={2008}
}
@inproceedings{leles2016frequency,
	title={Frequency-domain characterization of singular spectrum analysis eigenvectors},
	author={Leles, Michel CR and Cardoso, Adriano SV and Moreira, Mariana G and Guimar{\~a}es, Homero N and Silva, Cristiano M and Pitsillides, Andreas},
	booktitle={2016 IEEE International Symposium on Signal Processing and Information Technology (ISSPIT)},
	pages={22--27},
	year={2016},
	organization={IEEE}
}
@article{elad2006image,
	title={Image denoising via sparse and redundant representations over learned dictionaries},
	author={Elad, Michael and Aharon, Michal},
	journal={IEEE Transactions on Image processing},
	volume={15},
	number={12},
	pages={3736--3745},
	year={2006},
	publisher={IEEE}
}
@book{dumitrescu2018dictionary,
	title={Dictionary Learning Algorithms and Applications},
	author={Dumitrescu, Bogdan and Irofti, Paul},
	year={2018},
	publisher={Springer}
}
@book{hoffmann2014intelligente,
	title={Intelligente Signalverarbeitung 2: Signalerkennung},
	author={Hoffmann, R{\"u}diger and Wolff, Matthias},
	year={2014},
	publisher={Springer-Verlag}
}
@book{hoffmann2014intelligente1,
	title={Intelligente Signalverarbeitung 1: Signalanalyse},
	author={Hoffmann, R{\"u}diger and Wolff, Matthias},
	year={2014},
	publisher={Springer-Verlag}
}
@inproceedings{ramirez2010classification,
	title={Classification and clustering via dictionary learning with structured incoherence and shared features},
	author={Ramirez, Ignacio and Sprechmann, Pablo and Sapiro, Guillermo},
	booktitle={2010 IEEE Computer Society Conference on Computer Vision and Pattern Recognition},
	pages={3501--3508},
	year={2010},
	organization={IEEE}
}
@article{tosic2011dictionary,
	title={Dictionary learning: What is the right representation for my signal?},
	author={Tosic, Ivana and Frossard, Pascal},
	journal={IEEE Signal Processing Magazine},
	volume={28},
	number={ARTICLE},
	pages={27--38},
	year={2011},
	publisher={Institute of Electrical and Electronics Engineers}
}
@article{kreutz2003dictionary,
	title={Dictionary learning algorithms for sparse representation},
	author={Kreutz-Delgado, Kenneth and Murray, Joseph F and Rao, Bhaskar D and Engan, Kjersti and Lee, Te-Won and Sejnowski, Terrence J},
	journal={Neural computation},
	volume={15},
	number={2},
	pages={349--396},
	year={2003},
	publisher={MIT Press}
}
@inproceedings{yang2011fisher,
	title={Fisher discrimination dictionary learning for sparse representation},
	author={Yang, Meng and Zhang, Lei and Feng, Xiangchu and Zhang, David},
	booktitle={2011 International Conference on Computer Vision},
	pages={543--550},
	year={2011},
	organization={IEEE}
}
@article{jiang2013label,
	title={Label consistent K-SVD: Learning a discriminative dictionary for recognition},
	author={Jiang, Zhuolin and Lin, Zhe and Davis, Larry S},
	journal={IEEE transactions on pattern analysis and machine intelligence},
	volume={35},
	number={11},
	pages={2651--2664},
	year={2013},
	publisher={IEEE}
}
@inproceedings{mairal2009supervised,
	title={Supervised dictionary learning},
	author={Mairal, Julien and Ponce, Jean and Sapiro, Guillermo and Zisserman, Andrew and Bach, Francis R},
	booktitle={Advances in neural information processing systems},
	pages={1033--1040},
	year={2009}
}
@inproceedings{zhang2010discriminative,
	title={Discriminative K-SVD for dictionary learning in face recognition},
	author={Zhang, Qiang and Li, Baoxin},
	booktitle={2010 IEEE Computer Society Conference on Computer Vision and Pattern Recognition},
	pages={2691--2698},
	year={2010},
	organization={IEEE}
}
@article{tang2019analysis,
	title={Analysis dictionary learning based classification: Structure for robustness},
	author={Tang, Wen and Panahi, Ashkan and Krim, Hamid and Dai, Liyi},
	journal={IEEE Transactions on Image Processing},
	volume={28},
	number={12},
	pages={6035--6046},
	year={2019},
	publisher={IEEE}
}
@inproceedings{tang2018structured,
	title={Structured analysis dictionary learning for image classification},
	author={Tang, Wen and Panahi, Ashkan and Krim, Hamid and Dai, Liyi},
	booktitle={2018 IEEE International Conference on Acoustics, Speech and Signal Processing (ICASSP)},
	pages={2181--2185},
	year={2018},
	organization={IEEE}
}
@inproceedings{bonenberger2020feature,
	title={Feature-Based Gait Pattern Classification for a Robotic Walking Frame},
	author={Bonenberger, Christopher MA and Kathan, Benjamin and Ertel, Wolfgang},
	booktitle={Advanced Analytics and Learning on Temporal Data: 4th ECML PKDD Workshop, AALTD 2019, W{\"u}rzburg, Germany, September 20, 2019, Revised Selected Papers 4},
	pages={101--109},
	year={2020},
	organization={Springer}
}
@article{bonenberger2018broadband,
	title={A Broadband Impedance-Matching Method for Microstrip Patch Antennas Based on the Bode-Fano Theory},
	author={Bonenberger, Christopher MA and Kark, Klaus W},
	journal={Frequenz},
	volume={72},
	number={7-8},
	pages={373--380},
	year={2018},
	publisher={De Gruyter}
}
@inproceedings{bonenberger2021kappa,
	title={$\kappa$-cir\-cu\-lant maximum variance bases},
	author={Bonenberger, Christopher and Ertel, Wolfgang and Schneider, Markus},
	booktitle={German Conference on Artificial Intelligence (K{\"u}nstliche Intelligenz)},
	pages={17--29},
	year={2021},
	organization={Springer}
}
@article{bonenberger2022cyclic,
	title={Cyclic Nonlinear Correlation Analysis for Time Series},
	author={Bonenberger, Christopher MA and Schwenker, Friedhelm and Ertel, Wolfgang and Schneider, Markus},
	journal={IEEE Access},
	volume={10},
	pages={114223--114231},
	year={2022},
	publisher={IEEE}
}
@article{bonenberger2022singular,
	title={Singular spectrum analysis and circulant maximum variance frames},
	author={Bonenberger, Christopher and Ertel, Wolfgang and Schwenker, Friedhelm and Schneider, Markus},
	journal={Advances in Data Science and Adaptive Analysis},
	volume={14},
	number={03n04},
	pages={2250008},
	year={2022},
	publisher={World Scientific}
}
@article{bonenberger2023novel,
	title={A Novel Approach To Spectral Estimation And Moving Average Model Parameter Estimation},
	author={Bonenberger, Christopher and Schneider, Markus and Schwenker, Friedhelm and Ertel, Wolfgang},
	journal={IEEE Signal Processing Letters},
	year={2023},
	volume={30},
	pages={1367 - 1371},
	publisher={IEEE}
}
@inproceedings{bonenberger2022structured,
	title={Structured Nonlinear Discriminant Analysis},
	author={Bonenberger, Christopher and Ertel, Wolfgang and Schneider, Markus and Schwenker, Friedhelm},
	booktitle={Joint European Conference on Machine Learning and Knowledge Discovery in Databases},
	pages={38--54},
	year={2022},
	organization={Springer}
}
@inproceedings{glorot2010understanding,
	title={Understanding the difficulty of training deep feedforward neural networks},
	author={Glorot, Xavier and Bengio, Yoshua},
	booktitle={Proceedings of the thirteenth international conference on artificial intelligence and statistics},
	pages={249--256},
	year={2010}
}
@article{ku1995disturbance,
	title={Disturbance detection and isolation by dynamic principal component analysis},
	author={Ku, Wenfu and Storer, Robert H and Georgakis, Christos},
	journal={Chemometrics and intelligent laboratory systems},
	volume={30},
	number={1},
	pages={179--196},
	year={1995},
	publisher={Elsevier}
}
@article{mustonen1997measure,
	title={A measure for total variability in multivariate normal distribution},
	author={Mustonen, Seppo},
	journal={Computational Statistics \& Data Analysis},
	volume={23},
	number={3},
	pages={321--334},
	year={1997},
	publisher={Elsevier}
}
@book{seber2009multivariate,
	title={Multivariate observations},
	author={Seber, George AF},
	year={2004},
	publisher={John Wiley \& Sons}
}
@article{fawaz2019deep,
	title={Deep learning for time series classification: a review},
	author={Fawaz, Hassan Ismail and Forestier, Germain and Weber, Jonathan and Idoumghar, Lhassane and Muller, Pierre-Alain},
	journal={Data Mining and Knowledge Discovery},
	volume={33},
	number={4},
	pages={917--963},
	year={2019},
	publisher={Springer}
}
@article{moschytz2000adaptive,
	title={Adaptive Filter},
	author={Moschytz, George and Hofbauer, Markus},
	journal={Berlin ua: Springer},
	year={2000},
	publisher={Springer},
}
@article{carleson1966convergence,
	title={On convergence and growth of partial sums of Fourier series},
	author={Carleson, Lennart},
	journal={Acta Mathematica},
	volume={116},
	number={1},
	pages={135--157},
	year={1966},
	publisher={Springer}
}
@book{pollock1999handbook,
	title={Handbook of time series analysis, signal processing, and dynamics},
	author={Pollock, David Stephen Geoffrey},
	year={1999},
	publisher={Academic Press}
}
@article{gray2006toeplitz,
	title={Toeplitz and circulant matrices: A review},
	author={Gray, Robert M and others},
	journal={Foundations and Trends{\textregistered} in Communications and Information Theory},
	volume={2},
	number={3},
	place={Boston},
	pages={155--239},
	year={2006},
	publisher={Now Publishers, Inc.}
}
@article{kra2012circulant,
	title={On circulant matrices},
	author={Kra, Irwin and Simanca, Santiago R},
	journal={Notices of the AMS},
	volume={59},
	number={3},
	pages={368--377},
	year={2012}
}
@book{smith2007chaos,
	title={Chaos: a very short introduction},
	author={Smith, Leonard},
	year={2007},
	publisher={OUP Oxford}
}
@book{folland1999real,
	title={Real analysis: modern techniques and their applications},
	author={Folland, Gerald B},
	volume={40},
	year={1999},
	publisher={John Wiley \& Sons}
}
@book{kammeyer2013digitale,
	title={Digitale Signalverarbeitung},
	subtitle={Filterung und Spektralanalyse mit MATLAB-{\"U}bungen},
	author={Kammeyer, Karl-Dirk and Kroschel, Kristian},
	year={2013},
	publisher={Springer-Verlag}
}
@book{bishop2006pattern,
	title={Pattern recognition and machine learning},
	author={Bishop, Christopher M and Nasrabadi, Nasser M},
	volume={4},
	year={2006},
	publisher={Springer}
}
@book{alpaydin2020introduction,
	title={Introduction to machine learning},
	author={Alpaydin, Ethem},
	year={2020},
	publisher={MIT press}
}
@book{theodoridis2006pattern,
	title={Pattern recognition},
	author={Theodoridis, Sergios and Koutroumbas, Konstantinos},
	year={2006},
	publisher={Elsevier}
}
@book{jolliffe2002pca,
	title={Principal Component Analysis},
	author={Jolliffe, Ian},
	year={2002},
	publisher={Springer},
	volume={2},
}
@misc{sunspotdata,
	author = {Royal Observatory of Belgium, Brussels},
	title = {Sunspot data from the World Data Center SILSO},
	year = 2024,
	url = {https://www.sidc.be/silso/datafiles},
	urldate = {2024-02-19}
}
@article{jiang2020time,
	title={Time series classification: Nearest neighbor versus deep learning models},
	author={Jiang, Weiwei},
	journal={SN Applied Sciences},
	volume={2},
	number={4},
	pages={721},
	year={2020},
	publisher={Springer}
}
@article{bagnall2017great,
	title={The great time series classification bake off: a review and experimental evaluation of recent algorithmic advances},
	author={Bagnall, Anthony and Lines, Jason and Bostrom, Aaron and Large, James and Keogh, Eamonn},
	journal={Data mining and knowledge discovery},
	volume={31},
	pages={606--660},
	year={2017},
	publisher={Springer}
}
@article{dau2019ucr,
	title={The UCR time series archive},
	author={Dau, Hoang Anh and Bagnall, Anthony and Kamgar, Kaveh and Yeh, Chin-Chia Michael and Zhu, Yan and Gharghabi, Shaghayegh and Ratanamahatana, Chotirat Ann and Keogh, Eamonn},
	journal={IEEE/CAA Journal of Automatica Sinica},
	volume={6},
	number={6},
	pages={1293--1305},
	year={2019},
	publisher={IEEE}
}
@article{casazza2013introduction,
	title={Introduction to finite frame theory},
	author={Casazza, Peter G and Kutyniok, Gitta and Philipp, Friedrich},
	journal={Finite frames: theory and applications},
	pages={1--53},
	year={2013},
	publisher={Springer}
}
@article{pearson1901liii,
	title={On lines and planes of closest fit to systems of points in space},
	author={Pearson, Karl},
	journal={The London, Edinburgh, and Dublin philosophical magazine and journal of science},
	volume={2},
	number={11},
	pages={559--572},
	year={1901},
	publisher={Taylor \& Francis}
}
@article{hotelling1933analysis,
	title={Analysis of a complex of statistical variables into principal components.},
	author={Hotelling, Harold},
	journal={Journal of educational psychology},
	volume={24},
	number={6},
	pages={417},
	year={1933},
	publisher={Warwick \& York}
}
@article{gavish2014optimal,
	title={The optimal hard threshold for singular values is {$4/\sqrt{3}$}},
	author={Gavish, Matan and Donoho, David L},
	journal={IEEE Transactions on Information Theory},
	volume={60},
	number={8},
	pages={5040--5053},
	year={2014},
	publisher={IEEE}
}
@article{petersen2008matrix,
	title={The matrix cookbook},
	author={Petersen, Kaare Brandt and Pedersen, Michael Syskind and others},
	journal={Technical University of Denmark},
	volume={7},
	number={15},
	pages={510},
	year={2008}
}
@book{hastie2009elements,
	title={The elements of statistical learning: data mining, inference, and prediction},
	author={Hastie, Trevor and Tibshirani, Robert and Friedman, Jerome H and Friedman, Jerome H},
	volume={2},
	year={2009},
	publisher={Springer}
}
@inproceedings{scholkopf2005kernel,
	title={Kernel principal component analysis},
	author={Sch{\"o}lkopf, Bernhard and Smola, Alexander and M{\"u}ller, Klaus-Robert},
	booktitle={Artificial Neural Networks-ICANN'97: 7th International Conference Lausanne, Switzerland, October 8--10, 1997 Proceeedings},
	pages={583--588},
	year={2005},
	organization={Springer}
}
@inproceedings{weiss2019tutorial,
	title={A tutorial on the proper orthogonal decomposition},
	author={Weiss, Julien},
	booktitle={AIAA aviation 2019 forum},
	pages={3333},
	year={2019}
}
@book{kantz2004nonlinear,
	title={Nonlinear time series analysis},
	author={Kantz, Holger and Schreiber, Thomas},
	volume={7},
	year={2004},
	publisher={Cambridge university press}
}
@article{vautard1992singular,
	title={Singular-spectrum analysis: A toolkit for short, noisy chaotic signals},
	author={Vautard, Robert and Yiou, Pascal and Ghil, Michael},
	journal={Physica D: Nonlinear Phenomena},
	volume={58},
	number={1-4},
	pages={95--126},
	year={1992},
	publisher={Elsevier}
}
@article{kalantari2019automatic,
	title={Automatic grouping in singular spectrum analysis},
	author={Kalantari, Mahdi and Hassani, Hossein},
	journal={Forecasting},
	volume={1},
	number={1},
	pages={189--204},
	year={2019},
	publisher={MDPI}
}
@article{bozzo2010relationship,
	title={Relationship between Singular Spectrum Analysis and Fourier analysis: Theory and application to the monitoring of volcanic activity},
	author={Bozzo, Enrico and Carniel, Roberto and Fasino, Dario},
	journal={Computers \& Mathematics with Applications},
	volume={60},
	number={3},
	pages={812--820},
	year={2010},
	publisher={Elsevier}
}
@article{kume2012interpretation,
	title={Interpretation of singular spectrum analysis as complete eigenfilter decomposition},
	author={Kume, Kenji},
	journal={Advances in Adaptive Data Analysis},
	volume={4},
	number={04},
	pages={1250023},
	year={2012},
	publisher={World Scientific}
}
@article{harris2010filtering,
	title={Filtering and frequency interpretations of singular spectrum analysis},
	author={Harris, TJ and Yuan, Hui},
	journal={Physica D: Nonlinear Phenomena},
	volume={239},
	number={20-22},
	pages={1958--1967},
	year={2010},
	publisher={Elsevier}
}
@book{golyandina2018singular,
	title={Singular spectrum analysis with R},
	author={Golyandina, Nina and Korobeynikov, Anton and Zhigljavsky, Anatoly},
	year={2018},
	publisher={Springer}
}
@book{elsner1996singular,
	title={Singular spectrum analysis: a new tool in time series analysis},
	author={Elsner, James B and Tsonis, Anastasios A},
	year={1996},
	publisher={Springer Science \& Business Media}
}
@article{broomhead1986extracting,
	title={On the qualitative analysis of experimental dynamical systems},
	author={Broomhead, David S and King, Gregory P and others},
	journal={Nonlinear phenomena and chaos},
	volume={113},
	pages={114},
	year={1986},
	publisher={Adam Hilger Bristol}
}
@article{chu2003structured,
	title={Structured low rank approximation},
	author={Chu, Moody T and Funderlic, Robert E and Plemmons, Robert J},
	journal={Linear algebra and its applications},
	volume={366},
	pages={157--172},
	year={2003},
	publisher={Elsevier}
}
@article{yule1971method,
	title={On a Method of Investigating Periodicities in Disturbed Series with a Special Reference to Wolferâ€Ÿ s Sunspot numbers, Philosphical Transactions, 1927, 226A},
	author={Yule, GU},
	journal={Rs. crore IPFS Rs. crore IPFS},
	year={1927}
}
@book{clarkson2017optimal,
	title={Optimal and adaptive signal processing},
	author={Clarkson, Peter M},
	year={2017},
	publisher={Routledge}
}
@book{vetterli2014foundations,
	title={Foundations of signal processing},
	author={Vetterli, Martin and Kova{\v{c}}evi{\'c}, Jelena and Goyal, Vivek K},
	year={2014},
	publisher={Cambridge University Press}
}
@book{bracewell1986fourier,
	author={Bracewell, Ronald Newbold},
	title={The Fourier transform and its applications},
	year={1986},
	publisher={WCB/McGraw\-Hill}
}
@book{scheithauer2013signale,
	title={Signale und Systeme},
	author={Scheithauer, Rainer},
	year={1998},
	publisher={B. G. Teubner Stuttgart}
}
@book{christensen2010functions,
	title={Functions, spaces, and expansions: mathematical tools in physics and engineering},
	author={Christensen, Ole},
	year={2010},
	publisher={Springer}
}
@article{shalizi2013advanced,
	title={Advanced data analysis from an elementary point of view},
	author={Shalizi, Cosma},
	year={2013},
	publisher={Citeseer}
}
@article{schwartz1975signal,
	title={Signal processing: discrete spectral analysis, detection, and estimation},
	author={Schwartz, Mischa and Shaw, Leonard},
	publisher={McGraw-Hill},
	year={1975}
}
@book{antoniou2006digital,
	title={Digital signal processing},
	author={Antoniou, Andreas},
	year={2006},
	publisher={McGraw-Hill}
}
@book{proakis2007digital,
	title={Digital signal processing: principles, algorithms, and applications},
	author={Proakis, John G},
	year={2007},
	publisher={Pearson Education India}
}
@article{welch1967use,
	title={The use of fast Fourier transform for the estimation of power spectra: a method based on time averaging over short, modified periodograms},
	author={Welch, Peter},
	journal={IEEE Transactions on audio and electroacoustics},
	volume={15},
	number={2},
	pages={70--73},
	year={1967},
	publisher={IEEE}
}
@inproceedings{paulraj1985estimation,
	title={Estimation of signal parameters via rotational invariance techniques-ESPRIT},
	author={Paulraj, Arogyaswami and Roy, Richard and Kailath, Thomas},
	booktitle={Nineteeth Asilomar Conference on Circuits, Systems and Computers, 1985.},
	pages={83--89},
	year={1985},
	organization={IEEE}
}
@article{schmidt1986multiple,
	title={Multiple emitter location and signal parameter estimation},
	author={Schmidt, Ralph},
	journal={IEEE transactions on antennas and propagation},
	volume={34},
	number={3},
	pages={276--280},
	year={1986},
	publisher={IEEE}
}
@book{box1987empirical,
	title={Empirical model-building and response surfaces.},
	author={Box, George EP and Draper, Norman R},
	year={1987},
	publisher={John Wiley \& Sons}
}
@book{moon2000mathematical,
	title={Mathematical methods and algorithms for signal processing},
	author={Moon, Todd K and Stirling, Wynn C},
	publisher={Prentice Hall},
	year={2000}
}
@article{pisarenko1972estimation,
	title={On the estimation of spectra by means of non-linear functions of the covariance matrix},
	author={Pisarenko, VF},
	journal={Geophysical Journal International},
	volume={28},
	number={5},
	pages={511--531},
	year={1972},
	publisher={Blackwell Publishing Ltd Oxford, UK}
}
@article{orfanidis1988optimum,
	title={Optimum signal processing: an introduction},
	author={Orfanidis, Sophocles J},
	publisher={McGraw-Hill},
	year={1988}
}
@book{hayes1996statistical,
	title={Statistical digital signal processing and modeling},
	author={Hayes, Monson H},
	year={1996},
	publisher={John Wiley \& Sons}
}
@article{gardner2006cyclostationarity,
	title={Cyclostationarity: Half a century of research},
	author={Gardner, William A and Napolitano, Antonio and Paura, Luigi},
	journal={Signal processing},
	volume={86},
	number={4},
	pages={639--697},
	year={2006},
	publisher={Elsevier}
}
@article{napolitano2016cyclostationarity,
	title={Cyclostationarity: New trends and applications},
	author={Napolitano, Antonio},
	journal={Signal processing},
	volume={120},
	pages={385--408},
	year={2016},
	publisher={Elsevier}
}
@book{gardner1986introduction,
	title={Introduction to Random Processes: with applications to signals and systems},
	author={Gardner, William A},
	publisher={McGraw-Hill},
	year={1986}
}
@book{napolitano2012generalizations,
	title={Generalizations of cyclostationary signal processing: spectral analysis and applications},
	author={Napolitano, Antonio},
	year={2012},
	publisher={John Wiley \& Sons}
}
@article{antoni2007cyclic,
	title={Cyclic spectral analysis in practice},
	author={Antoni, J{\'e}r{\^o}me},
	journal={Mechanical Systems and Signal Processing},
	volume={21},
	number={2},
	pages={597--630},
	year={2007},
	publisher={Elsevier}
}
@article{dumoulin2016guide,
	title={A guide to convolution arithmetic for deep learning},
	author={Dumoulin, Vincent and Visin, Francesco},
	journal={arXiv preprint arXiv:1603.07285},
	year={2016}
}
@book{bose2018random,
	title={Random circulant matrices},
	author={Bose, Arup and Saha, Koushik},
	year={2018},
	publisher={CRC Press}
}
@inproceedings{bolcskei1995equivalence,
	title={Equivalence of DFT filter banks and Gabor expansions},
	author={Bolcskei, Helmut and Hlawatsch, Franz and Feichtinger, Hans Georg},
	booktitle={Wavelet Applications in Signal and Image Processing III},
	volume={2569},
	pages={128--139},
	year={1995},
	organization={SPIE}
}
@book{mertins1999signal,
	title={Signal Analysis: Wavelets, Filter Banks, Time-Frequency Transforms and Applications.},
	author={Mertins, Alfred},
	year={1999},
	publisher={John Wiley \& Sons}
}
@article{vanhatalo2016impact,
	title={Impact of autocorrelation on principal components and their use in statistical process control},
	author={Vanhatalo, Erik and Kulahci, Murat},
	journal={Quality and Reliability Engineering International},
	volume={32},
	number={4},
	pages={1483--1500},
	year={2016},
	publisher={Wiley Online Library}
}
@article{vanhatalo2017structure,
	title={On the structure of dynamic principal component analysis used in statistical process monitoring},
	author={Vanhatalo, Erik and Kulahci, Murat and Bergquist, Bjarne},
	journal={Chemometrics and intelligent laboratory systems},
	volume={167},
	pages={1--11},
	year={2017},
	publisher={Elsevier}
}
@article{rato2013defining,
	title={Defining the structure of DPCA models and its impact on process monitoring and prediction activities},
	author={Rato, Tiago J and Reis, Marco S},
	journal={Chemometrics and Intelligent Laboratory Systems},
	volume={125},
	pages={74--86},
	year={2013},
	publisher={Elsevier}
}
@article{russell2000fault,
	title={Fault detection in industrial processes using canonical variate analysis and dynamic principal component analysis},
	author={Russell, Evan L and Chiang, Leo H and Braatz, Richard D},
	journal={Chemometrics and intelligent laboratory systems},
	volume={51},
	number={1},
	pages={81--93},
	year={2000},
	publisher={Elsevier}
}
@article{kwon2020dynamic,
	title={Dynamic principal component analysis with missing values},
	author={Kwon, Junhyeon and Oh, Hee-Seok and Lim, Yaeji},
	journal={Journal of Applied Statistics},
	volume={47},
	number={11},
	pages={1957--1969},
	year={2020},
	publisher={Taylor \& Francis}
}
@book{stoica2005spectral,
	title={Spectral analysis of signals},
	author={Stoica, Petre and Moses, Randolph L and others},
	year={2005},
	publisher={Pearson Prentice Hall Upper Saddle River, NJ}
}
@article{hansen1998fir,
	title={FIR filter representations of reduced-rank noise reduction},
	author={Hansen, Per Christian and Jensen, S{\o}ren Holdt},
	journal={IEEE Transactions on Signal Processing},
	volume={46},
	number={6},
	pages={1737--1741},
	year={1998},
	publisher={IEEE}
}
@book{bronstein2001musiol,
	author={Bronstein, {Ilja Nikolajewitsch} and Semendjajew, {Konstantin Adolfowitsch} and Musiol, Gerhard and M{\"o}hlig, Heiner},
	title={Taschenbuch der Mathematik},
	publisher={Verlag Europa-Lehrmittel},
	year={2001}
}
@article{soto2023concept,
	title={On the Concept of Frequency in Signal Processing: A Discussion [Perspectives]},
	author={Soto-Bajo, Mois{\'e}s and Collar, Andr{\'e}s Fraguela and Herrera-Vega, Javier},
	journal={IEEE Signal Processing Magazine},
	volume={40},
	number={6},
	pages={18--25},
	year={2023},
	publisher={IEEE}
}
@article{slepian1976bandwidth,
	title={On bandwidth},
	author={Slepian, David},
	journal={Proceedings of the IEEE},
	volume={64},
	number={3},
	pages={292--300},
	year={1976},
	publisher={IEEE}
}
@article{thomson1982spectrum,
	title={Spectrum estimation and harmonic analysis},
	author={Thomson, David J},
	journal={Proceedings of the IEEE},
	volume={70},
	number={9},
	pages={1055--1096},
	year={1982},
	publisher={IEEE}
}
@article{karnik2022thomson,
	title={Thomsonâ€™s multitaper method revisited},
	author={Karnik, Santhosh and Romberg, Justin and Davenport, Mark A},
	journal={IEEE Transactions on Information Theory},
	volume={68},
	number={7},
	pages={4864--4891},
	year={2022},
	publisher={IEEE}
}
@article{slepian1961prolate,
	title={Prolate spheroidal wave functions, Fourier analysis and uncertaintyâ€”I},
	author={Slepian, David and Pollak, Henry O},
	journal={Bell System Technical Journal},
	volume={40},
	number={1},
	pages={43--63},
	year={1961},
	publisher={Wiley Online Library}
}
@article{varah1993prolate,
	title={The prolate matrix},
	author={Varah, JM},
	journal={Linear algebra and its applications},
	volume={187},
	pages={269--278},
	year={1993},
	publisher={Elsevier}
}
@article{messerschmitt2006autocorrelation,
	title={Autocorrelation matrix eigenvalues and the power spectrum},
	author={Messerschmitt, D},
	journal={EECS Dept., Univ. of California, Berkeley, Tech. Rep. No. UCB/EECS-2006-90},
	year={2006}
}
@article{larsson2002spectral,
	title={Spectral estimation via adaptive filterbank methods: A unified analysis and a new algorithm},
	author={Larsson, Erik G and Stoica, Petre and Li, Jian},
	journal={Signal processing},
	volume={82},
	number={12},
	pages={1991--2001},
	year={2002},
	publisher={Elsevier}
}
@article{stoica1998matched,
	title={Matched-filter bank interpretation of some spectral estimators},
	author={Stoica, Petre and Jakobsson, Andreas and Li, Jian},
	journal={Signal Processing},
	volume={66},
	number={1},
	pages={45--59},
	year={1998},
	publisher={Elsevier}
}
@article{capon1969high,
	title={High-resolution frequency-wavenumber spectrum analysis},
	author={Capon, Jack},
	journal={Proceedings of the IEEE},
	volume={57},
	number={8},
	pages={1408--1418},
	year={1969},
	publisher={IEEE}
}
@inproceedings{scholkopf1997kernel,
	title={Kernel principal component analysis},
	author={Sch{\"o}lkopf, Bernhard and Smola, Alexander and M{\"u}ller, Klaus-Robert},
	booktitle={International conference on artificial neural networks},
	pages={583--588},
	year={1997},
	organization={Springer}
}
@book{smola1998learning,
	title={Learning with kernels},
	author={Smola, Alexander J and Sch{\"o}lkopf, Bernhard},
	volume={4},
	year={1998},
	publisher={Citeseer}
}
@book{gonzales1987digital,
	title={Digital image processing},
	author={Gonzales, Rafael C and Woods, Richard E},
	year={2001},
	publisher={Prentice Hall}
}
@article{rodriguez2010singular,
	title={Singular spectrum analysis for image processing},
	author={Rodriguez-Aragon, Licesio J and Zhigljavsky, Anatoly},
	journal={Statistics and Its Interface},
	volume={3},
	number={3},
	pages={419--426},
	year={2010},
	publisher={International Press of Boston}
}
@inproceedings{HuangImages,
	title={Single Image Super-Resolution From Transformed Self-Exemplars},
	Author = {Huang, Jia-Bin and Singh, Abhishek and Ahuja, Narendra},
	booktitle = {Proceedings of the IEEE Conference on Computer Vision and Pattern Recognition},
	pages={5197--5206},
	Year = {2015}
}
@article{shcherbakov2011generation,
	title={On the generation of random stable polynomials},
	author={Shcherbakov, Pavel and Dabbene, Fabrizio},
	journal={European Journal of Control},
	volume={17},
	number={2},
	pages={145--159},
	year={2011},
	publisher={Elsevier}
}
@misc{MATLAB,
	year = {2023},
	author = {MATLAB, The MathWorks Inc.},
	title = {MATLAB version: 9.14.0 (R2023a)},
	publisher = {The MathWorks Inc.},
	address = {Natick, Massachusetts, United States},
	url = {https://www.mathworks.com}
}
@article{osborn1976maximum,
	title={Maximum likelihood estimation of moving average processes.},
	author={Osborn, Denise},
	year={1976},
	publisher={National Bureau of Economic Research}
}
@article{hassani2021comparative,
	title={Comparative assessment of hierarchical clustering methods for grouping in singular spectrum analysis},
	author={Hassani, Hossein and Kalantari, Mahdi and Beneki, Christina},
	journal={AppliedMath},
	volume={1},
	number={1},
	pages={18--36},
	year={2021},
	publisher={MDPI}
}
@article{ossendrijver2021weather,
	title={Weather prediction in Babylonia},
	author={Ossendrijver, Mathieu},
	journal={Journal of Ancient Near Eastern History},
	volume={8},
	number={1-2},
	pages={223--258},
	year={2021},
	publisher={De Gruyter}
}
@article{bhawan2018hydrologic,
	title={Hydrologic Knowledge in Ancient India},
	author={Bhawan, Jal Vigyan},
	journal={National Institute of Hydrology: Uttarakhand, India},
	year={2018}
}
@article{huke2006embedding,
	title={Embedding nonlinear dynamical systems: A guide to Takens' theorem},
	author={Huke, Jeremy P},
	year={2006},
	publisher={Manchester Institute for Mathematical Sciences, University of Manchester}
}
@article{sauer1991embedology,
	title={Embedology},
	author={Sauer, Tim and Yorke, James A and Casdagli, Martin},
	journal={Journal of statistical Physics},
	volume={65},
	pages={579--616},
	year={1991},
	publisher={Springer}
}
@article{mctaggart1908unreality,
	title={The unreality of time},
	author={McTaggart, J Ellis},
	journal={Mind},
	pages={457--474},
	year={1908},
	publisher={JSTOR}
}
@article{rochberg2018reasoning,
	title={Reasoning, representing, and modeling in Babylonian astronomy},
	author={Rochberg, Francesca},
	journal={Journal of Ancient Near Eastern History},
	volume={5},
	number={1-2},
	pages={131--147},
	year={2018},
	publisher={De Gruyter}
}
@article{buijs1847changement,
	title={Les changement periodiques de temperature. Utrecht},
	author={Buijs, Ballot CHD},
	year={1847}
}
@article{schuster1898investigation,
	title={On the investigation of hidden periodicities with application to a supposed 26 day period of meteorological phenomena},
	author={Schuster, Arthur},
	journal={Terrestrial Magnetism},
	volume={3},
	number={1},
	pages={13--41},
	year={1898},
	publisher={Wiley Online Library}
}
@article{schuster1906ii,
	title={II. On the periodicities of sunspots},
	author={Schuster, Arthur},
	journal={Philosophical Transactions of the Royal Society of London. Series A, Containing Papers of a Mathematical or Physical Character},
	volume={206},
	number={402-412},
	pages={69--100},
	year={1906},
	publisher={The Royal Society London}
}
@article{kaur2023autoregressive,
	title={Autoregressive models in environmental forecasting time series: a theoretical and application review},
	author={Kaur, Jatinder and Parmar, Kulwinder Singh and Singh, Sarbjit},
	journal={Environmental Science and Pollution Research},
	volume={30},
	number={8},
	pages={19617--19641},
	year={2023},
	publisher={Springer}
}
@article{wen2022transformers,
	title={Transformers in time series: A survey},
	author={Wen, Qingsong and Zhou, Tian and Zhang, Chaoli and Chen, Weiqi and Ma, Ziqing and Yan, Junchi and Sun, Liang},
	journal={arXiv preprint arXiv:2202.07125},
	year={2022}
}
@article{dempster2020rocket,
	title={ROCKET: exceptionally fast and accurate time series classification using random convolutional kernels},
	author={Dempster, Angus and Petitjean, Fran{\c{c}}ois and Webb, Geoffrey I},
	journal={Data Mining and Knowledge Discovery},
	volume={34},
	number={5},
	pages={1454--1495},
	year={2020},
	publisher={Springer}
}
@article{zhao2017convolutional,
	title={Convolutional neural networks for time series classification},
	author={Zhao, Bendong and Lu, Huanzhang and Chen, Shangfeng and Liu, Junliang and Wu, Dongya},
	journal={Journal of Systems Engineering and Electronics},
	volume={28},
	number={1},
	pages={162--169},
	year={2017},
	publisher={BIAI}
}
@article{lecun1995convolutional,
	title={Convolutional networks for images, speech, and time series},
	author={LeCun, Yann and Bengio, Yoshua and others},
	journal={The handbook of brain theory and neural networks},
	volume={3361},
	number={10},
	pages={1995},
	year={1995},
	publisher={Citeseer}
}
@incollection{unser2017practical,
	title={A practical guide to the implementation of the wavelet transform},
	author={Unser, Michael},
	booktitle={Wavelets in medicine and biology},
	pages={37--74},
	year={2017},
	publisher={Routledge}
}
@article{liu2016towards,
	title={Towards better analysis of deep convolutional neural networks},
	author={Liu, Mengchen and Shi, Jiaxin and Li, Zhen and Li, Chongxuan and Zhu, Jun and Liu, Shixia},
	journal={IEEE transactions on visualization and computer graphics},
	volume={23},
	number={1},
	pages={91--100},
	year={2016},
	publisher={IEEE}
}
@inproceedings{zeiler2014visualizing,
	title={Visualizing and understanding convolutional networks},
	author={Zeiler, Matthew D and Fergus, Rob},
	booktitle={Computer Vision--ECCV 2014: 13th European Conference, Zurich, Switzerland, September 6-12, 2014, Proceedings, Part I 13},
	pages={818--833},
	year={2014},
	organization={Springer}
}
@article{stankovic2023convolutional,
	title={Convolutional neural networks demystified: A matched filtering perspective-based tutorial},
	author={Stankovi{\'c}, Ljubi{\v{s}}a and Mandic, Danilo},
	journal={IEEE Transactions on Systems, Man, and Cybernetics: Systems},
	year={2023},
	publisher={IEEE}
}
@article{farag2023design,
	title={Design and Analysis of Convolutional Neural Layers: A Signal Processing Perspective},
	author={Farag, Mohammed M},
	journal={IEEE Access},
	volume={11},
	pages={27641--27661},
	year={2023},
	publisher={IEEE}
}
@article{wiatowski2017mathematical,
	title={A mathematical theory of deep convolutional neural networks for feature extraction},
	author={Wiatowski, Thomas and B{\"o}lcskei, Helmut},
	journal={IEEE Transactions on Information Theory},
	volume={64},
	number={3},
	pages={1845--1866},
	year={2017},
	publisher={IEEE}
}
@inproceedings{chauhan2018convolutional,
	title={Convolutional neural network (CNN) for image detection and recognition},
	author={Chauhan, Rahul and Ghanshala, Kamal Kumar and Joshi, RC},
	booktitle={2018 first international conference on secure cyber computing and communication (ICSCCC)},
	pages={278--282},
	year={2018},
	organization={IEEE}
}
@article{ou2018unlabeled,
	title={Unlabeled PCA-shuffling initialization for convolutional neural networks},
	author={Ou, Jun and Li, Yujian and Shen, Chengkai},
	journal={Applied Intelligence},
	volume={48},
	pages={4565--4576},
	year={2018},
	publisher={Springer}
}
@inproceedings{ren2016convolutional,
	title={Convolutional neural network based on principal component analysis initialization for image classification},
	author={Ren, Xu-Die and Guo, Hao-Nan and He, Guan-Chen and Xu, Xu and Di, Chong and Li, Sheng-Hong},
	booktitle={2016 IEEE first international conference on data science in cyberspace (DSC)},
	pages={329--334},
	year={2016},
	organization={IEEE}
}
@inproceedings{wang2020pca,
	title={PCA based kernel initialization for convolutional neural networks},
	author={Wang, Yifeng and Rong, Yuxi and Pan, Hongyue and Liu, Ke and Hu, Yang and Wu, Fangmin and Peng, Wei and Xue, Xingsi and Chen, Junfeng},
	booktitle={Data Mining and Big Data: 5th International Conference, DMBD 2020, Belgrade, Serbia, July 14--20, 2020, Proceedings 5},
	pages={71--82},
	year={2020},
	organization={Springer}
}
@article{koturwar2017weight,
	title={Weight initialization of deep neural networks (DNNs) using data statistics},
	author={Koturwar, Saiprasad and Merchant, Shabbir},
	journal={arXiv preprint arXiv:1710.10570},
	year={2017}
}
@inproceedings{seuret2017pca,
	title={PCA-initialized deep neural networks applied to document image analysis},
	author={Seuret, Mathias and Alberti, Michele and Liwicki, Marcus and Ingold, Rolf},
	booktitle={2017 14th IAPR international conference on document analysis and recognition (ICDAR)},
	volume={1},
	pages={877--882},
	year={2017},
	organization={IEEE}
}
@article{gan2015pca,
	title={A PCA-based convolutional network},
	author={Gan, Yanhai and Liu, Jun and Dong, Junyu and Zhong, Guoqiang},
	journal={arXiv preprint arXiv:1505.03703},
	year={2015}
}
@article{narkhede2022review,
	title={A review on weight initialization strategies for neural networks},
	author={Narkhede, Meenal V and Bartakke, Prashant P and Sutaone, Mukul S},
	journal={Artificial intelligence review},
	volume={55},
	number={1},
	pages={291--322},
	year={2022},
	publisher={Springer}
}
@article{oyallon2013generic,
	title={Generic deep networks with wavelet scattering},
	author={Oyallon, Edouard and Mallat, St{\'e}phane and Sifre, Laurent},
	journal={arXiv preprint arXiv:1312.5940},
	year={2013}
}
@inproceedings{glorot2010understanding,
	title={Understanding the difficulty of training deep feedforward neural networks},
	author={Glorot, Xavier and Bengio, Yoshua},
	booktitle={Proceedings of the thirteenth international conference on artificial intelligence and statistics},
	pages={249--256},
	year={2010},
	organization={JMLR Workshop and Conference Proceedings}
}
@article{rusu2020learning,
	title={On learning with shift-invariant structures},
	author={Rusu, Cristian},
	journal={Digital Signal Processing},
	volume={99},
	pages={102654},
	year={2020},
	publisher={Elsevier}
}
@article{golyandina2023forecasting,
	title={Forecasting of Signals by Forecasting Linear Recurrence Relations},
	author={Golyandina, Nina and Shapoval, Egor},
	journal={Engineering Proceedings},
	volume={39},
	number={1},
	pages={12},
	year={2023},
	publisher={MDPI}
}
@article{cantor,
	title={BeitrÃ¤ge zur BegrÃ¼ndung der transfiniten Mengenlehre},
	author={Cantor, Georg},
	journal={Mathematische Annalen},
	volume={46},
	number={1},
	pages={481--512},
	year={1895},
	publisher={Teubner-Verlag}
}
@article{weizenbaum1977macht,
	title={Die Macht der Computer und die Ohnmacht der Vernunft},
	author={Weizenbaum, Joseph},
	year={1977},
	publisher={suhrkamp taschenbuch wissenschaft}
}
@misc{melville1980bartleby,
	title={Bartleby the scrivener},
	author={Melville, Herman},
	year={1856},
	howpublished="\href{https://moglen.law.columbia.edu/LCS/bartleby.pdf}{https://moglen.law.columbia.edu/LCS/bartleby.pdf}"
}
@misc{bellecaptive,
	title={La Belle Captive},
	author={Ren{\'e} Magritte},
	year={1965}
}
@misc{laminoirenfer,
	title={Le Laminoir en Fer},
	author={Adolph von Menzel},
	year={1875}
}
@misc{elaquelarre,
	title={El Aquelarre},
	author={Francisco Goya},
	year={1798}
}
@misc{seestueck,
	title={SeestÃ¼ck},
	author={Gerhard Richter},
	year={1998}
}
@book{bartsch2007allgemeine,
	title={Allgemeine Topologie},
	author={Bartsch, Ren{\'e}},
	year={2007},
	volume={1},
	publisher={Oldenbourg}
}
@book{de1992wind,
	title={Wind, sand and stars},
	author={de Saint-Exup{\'e}ry, Antoine},
	year={1992},
	publisher={Houghton Mifflin Harcourt}
}
@misc{hundertwasserweb1,
	author       = {Friedensreich Hundertwasser},
	title        = {Die Gerade Linie fÃ¼hrt zum Untergang},
	year         = {1953},
	note         = {Accessed: 2025-10-25},
	howpublished = { \href{https://hundertwasser.com/texte/the_straight_line_leads_to_the_downfall_of_our_civilisation}{{https://hundertwasser.com/texte/}}},
}
@misc{hundertwasserweb2,
	author       = {Friedensreich Hundertwasser},
	title        = {Verlorene und wiedergewonnene SchÃ¶nheit der Industriebauten durch schÃ¶pferische Gestaltung},
	year         = {1979},
	note         = {Accessed: 2025-10-25},
	howpublished = { \href{https://hundertwasser.com/texte/the_straight_line_leads_to_the_downfall_of_our_civilisation}{{https://hundertwasser.com/texte/}}},
}
@misc{hundertwasserweb3,
	author       = {Friedensreich Hundertwasser},
	title        = {Die Hummustoilette},
	year         = {1975},
	note         = {Accessed: 2025-10-25},
	howpublished = { \href{https://hundertwasser.com/texte/the_humus_toilet}{{https://hundertwasser.com/texte/}}},
}
@book{feyerabend1986wider,
	title={Wider den Methodenzwang},
	author={Feyerabend, Paul},
	year={1986},
	publisher={Suhrkamp}
}
